@article{cantilever,
    author  = "Jose F. Rodriguez and James P. Thomas and John E. Renaud",
    title   = "Design of Fused-Deposition ABS Components for Stiffness and Strength",
    year    = "2003",
    journal = "ASME",
    volume  = "125",
    pages   = "545--551"
}

@article{ornl,
    author  = "J. M. Corum and R. L. Battiste and K. C. Liu and M.B. Ruggles",
    title   = "Basic Properties of Reference Crossply Carbon-Fiber Composite",
    year    = "2000",
    journal = "Oak Ridge National Laboratory",
    pages   = "1--53"
}

@article{cute-curves,
    author  = "Jose F. Rodriguez and James P. Thomas and John E. Renaud",
    title   = "Alternate slicing and deposition strategies for fused deposition modeling of light curved parts",
    year    = "2012",
    journal = "Journal of Achievements in Materials and Manufacturing Engineering",
    volume  = "55",
    pages   = "511--517"
}

@misc{markforged,
      key = "markforged",
      title = "Markforged",
      month = "August",
      year = "2014",
      howpublished = "\url{https://markforged.com/}"
}
