@article{cantilever,
    author  = "Jose F. Rodriguez and James P. Thomas and John E. Renaud",
    title   = "Design of Fused-Deposition ABS Components for Stiffness and Strength",
    year    = "2003",
    journal = "ASME",
    volume  = "125",
    pages   = "545--551"
}

@article{ornl,
    author  = "J. M. Corum and R. L. Battiste and K. C. Liu and M.B. Ruggles",
    title   = "Basic Properties of Reference Crossply Carbon-Fiber Composite",
    year    = "2000",
    journal = "Oak Ridge National Laboratory",
    pages   = "1--53"
}

@article{cute-curves,
    author  = "Jose F. Rodriguez and James P. Thomas and John E. Renaud",
    title   = "Alternate slicing and deposition strategies for fused deposition modeling of light curved parts",
    year    = "2012",
    journal = "Journal of Achievements in Materials and Manufacturing Engineering",
    volume  = "55",
    pages   = "511--517"
}

@misc{markforged,
      key = "markforged",
      title = "Markforged",
      month = "August",
      year = "2014",
      howpublished = "\url{https://markforged.com/}"
}

@manual{controller-maintenance,
	title = "FANUC Robot Series R-30iA Mate Controller Maintenance Manual",
	organization = "FANUC Corporation",
	number = "B-82725EN/05",
	year="2011"
}

@manual{alarm-code-list,
	title = "FANUC Robot Series R-30iA/R-30iA Mate Controller Alarm Code List (For series 7DA4/7DA5 Operator's Manual",
	organization = "FANUC Corporation",
	number = "B-83124EN-6/01",
	year="2010"
}

@manual{lr-handling-tool,
	title = "FANUC Robot Series R-30iA Mate Controller LR Handling Tool Operator's Manual",
	organization = "FANUC Corporation",
	number = "B-82724EN-1/01",
	year="2007"
}

@manual{controller-maintenance,
	title = "I/O Unit - Model A Connection Maintenance Manual",
	organization = "GE Fanuc Automation Europe",
	number = "B-63813EN/03",
	year="2000"
}